<record><leader>00000cas a2200000 a 4500</leader><controlfield tag="001">9637659</controlfield><controlfield tag="008">830623d18751989nyuwn ne      0   a0eng d</controlfield><datafield ind1=" " ind2=" " tag="010"><subfield code="a">sn 85026747 </subfield></datafield><datafield ind1=" " ind2=" " tag="040"><subfield code="a">YGM</subfield><subfield code="b">eng</subfield><subfield code="c">YGM</subfield><subfield code="d">NPX</subfield><subfield code="d">NYS</subfield><subfield code="d">NSD</subfield><subfield code="d">NYS</subfield><subfield code="d">NYG</subfield><subfield code="d">NYS</subfield><subfield code="d">OCLCQ</subfield><subfield code="d">OCLCF</subfield><subfield code="d">OCLCO</subfield></datafield><datafield ind1=" " ind2=" " tag="012"><subfield code="m">1</subfield></datafield><datafield ind1="1" ind2=" " tag="022"><subfield code="a">0899-790X</subfield><subfield code="l">0899-790X</subfield><subfield code="2">1</subfield></datafield><datafield ind1="1" ind2=" " tag="029"><subfield code="a">AU@</subfield><subfield code="b">000025830495</subfield></datafield><datafield ind1=" " ind2=" " tag="032"><subfield code="a">316660</subfield><subfield code="b">USPS</subfield></datafield><datafield ind1=" " ind2=" " tag="042"><subfield code="a">msc</subfield><subfield code="a">nsdp</subfield></datafield><datafield ind1=" " ind2=" " tag="090"><subfield code="a">PN4899.L65</subfield><subfield code="b">L5</subfield></datafield><datafield ind1=" " ind2="4" tag="222"><subfield code="a">The Livonia gazette</subfield></datafield><datafield ind1="0" ind2="4" tag="245"><subfield code="a">The Livonia gazette.</subfield></datafield><datafield ind1=" " ind2=" " tag="260"><subfield code="a">Livonia, N.Y. :</subfield><subfield code="b">Lewis E. Chapin,</subfield><subfield code="c">1875-1989.</subfield></datafield><datafield ind1=" " ind2=" " tag="300"><subfield code="a">v. :</subfield><subfield code="b">ill. ;</subfield><subfield code="c">55 cm.</subfield></datafield><datafield ind1=" " ind2=" " tag="310"><subfield code="a">Weekly (except the weeks of July 4, and Dec. 25)</subfield></datafield><datafield ind1="0" ind2=" " tag="362"><subfield code="a">Vol. 1, no. 1 (Oct. 1, 1875)-v. 113, no. 14 (Jan. 12, 1989).</subfield></datafield><datafield ind1=" " ind2=" " tag="500"><subfield code="a">Publishers: Lewis E. Chapin, 1875-&lt;1877&gt;; Clarence M. Alvord, &lt;1880-1922&gt;; T.H. Alvord, &lt;1924&gt;; Livonia Gazette, &lt;1925&gt;; Downtown Magazine, &lt;1988-</subfield></datafield><datafield ind1=" " ind2=" " tag="500"><subfield code="a">Editor: Lewis E. Chapin, 1875-&lt;1876&gt;; Clarence M. Alvord, &lt;1892&gt;.</subfield></datafield><datafield ind1=" " ind2=" " tag="515"><subfield code="a">Whole numbers were added to the numbering system sometime between 1875 and 1892.</subfield></datafield><datafield ind1=" " ind2=" " tag="580"><subfield code="a">Merged with Honeoye Falls weekly times (Honeoye Falls, N.Y. : 1987); Honeoye Lake courier; and Lima recorder to form: Town &amp; country gazette.</subfield></datafield><datafield ind1=" " ind2="4" tag="651"><subfield code="a">Livonia (N.Y.)</subfield><subfield code="v">Newspapers.</subfield></datafield><datafield ind1=" " ind2="0" tag="650"><subfield code="a">American newspapers</subfield><subfield code="z">New York (State)</subfield><subfield code="z">Livonia.</subfield></datafield><datafield ind1=" " ind2="0" tag="651"><subfield code="a">Livonia (N.Y.)</subfield><subfield code="x">Imprints.</subfield></datafield><datafield ind1=" " ind2="7" tag="655"><subfield code="a">Bibliography.</subfield><subfield code="2">fast</subfield><subfield code="0">(OCoLC)fst01423717</subfield></datafield><datafield ind1=" " ind2="7" tag="650"><subfield code="a">American newspapers.</subfield><subfield code="2">fast</subfield><subfield code="0">(OCoLC)fst00807293</subfield></datafield><datafield ind1=" " ind2="7" tag="651"><subfield code="a">New York (State)</subfield><subfield code="z">Livonia.</subfield><subfield code="2">fast</subfield><subfield code="0">(OCoLC)fst01268193</subfield></datafield><datafield ind1=" " ind2=" " tag="752"><subfield code="a">United States</subfield><subfield code="b">New York</subfield><subfield code="c">Livingston</subfield><subfield code="d">Livonia.</subfield></datafield><datafield ind1="1" ind2="7" tag="785"><subfield code="t">Honeoye Falls weekly times (Honeoye Falls, N.Y. : 1987)</subfield><subfield code="w">(DLC)sn 88074248</subfield></datafield><datafield ind1="1" ind2="7" tag="785"><subfield code="t">Honeoye Lake courier</subfield><subfield code="w">(DLC)sn 88074511</subfield></datafield><datafield ind1="1" ind2="7" tag="785"><subfield code="t">Lima recorder</subfield><subfield code="w">(DLC)sn 83031609</subfield></datafield><datafield ind1="1" ind2="7" tag="785"><subfield code="t">Town &amp; Country gazette</subfield><subfield code="w">(DLC)sn 89071071</subfield><subfield code="w">(OCoLC)19366232</subfield></datafield></record>